@article{derso2023,
  title={The Causes and Factors Associated with Infant Mortality Rate in Ethiopia: The Application of Structural Equation Modelling},
  author={Derso, Endris Aman and Campolo, Maria Gabriella and Alibrandi, Angela},
  journal={Children},
  volume={10},
  number={2},
  pages={397},
  year={2023},
  publisher={MDPI},
  doi={10.3390/children10020397}
}

@article{jang2022,
  title={A Review of Racial Disparities in Infant Mortality in the US},
  author={Jang, Cholmin and Lee, Haena},
  journal={Children},
  volume={9},
  number={2},
  pages={257},
  year={2022},
  publisher={MDPI},
  doi={10.3390/children9020257}
}

@article{wong2014,
  title={American Indian and Alaska Native Infant and Pediatric Mortality, United States, 1999--2009},
  author={Wong, Christina A and Gachupin, Francine C and Holman, Robert C and MacDorman, Marian F and Cheek, James E and Holve, Steve and Singleton, Rosalyn J},
  journal={American Journal of Public Health},
  volume={104},
  number={S3},
  pages={S320--S328},
  year={2014},
  publisher={American Public Health Association},
  doi={10.2105/AJPH.2013.301598}
}

@article{macdorman2011,
  title={Understanding racial and ethnic disparities in U.S. infant mortality rates},
  author={MacDorman, Marian F and Mathews, T J},
  journal={NCHS Data Brief},
  volume={74},
  pages={1--8},
  year={2011},
  publisher={Centers for Disease Control and Prevention}
}

@article{kaplan1997,
  title={Prevalence of Tobacco Use among Alaska Natives: A Review},
  author={Kaplan, Samuel D and Lanier, Anne P and Merritt, Robert K and Siegel, Paul Z},
  journal={Preventive Medicine},
  volume={26},
  number={4},
  pages={460--465},
  year={1997},
  publisher={Elsevier},
  doi={10.1006/pmed.1997.0165}
}

@article{reichman2010,
  title={Effects of prenatal care on maternal postpartum behaviors},
  author={Reichman, Nancy E and Corman, Hope and Noonan, Kelly and Schwartz-Soicher, Ofira},
  journal={Review of Economics of the Household},
  volume={8},
  number={2},
  pages={171--197},
  year={2010},
  publisher={Springer},
  doi={10.1007/s11150-009-9074-5}
}

@article{artiga2017,
  title={Medicaid and American Indians and Alaska Natives},
  author={Artiga, Samantha and Ubri, Petry and Foutz, Julia},
  year={2017},
  publisher={Kaiser Family Foundation},
  url={https://www.kff.org/medicaid/issue-brief/medicaid-and-american-indians-and-alaska-natives/}
}

@article{thorsen2023,
  title={American Indians travel great distances for obstetrical care: Examining rural and racial disparities},
  author={Thorsen, Margaret L and Harris, Sarah and Palacios, Janelle F and McGarvey, Ronald G and Thorsen, Andrew},
  journal={Social Science \& Medicine},
  volume={325},
  pages={115897},
  year={2023},
  publisher={Elsevier},
  doi={10.1016/j.socscimed.2023.115897}
}

@article{warne2014,
  title={American Indian Health Policy: Historical Trends and Contemporary Issues},
  author={Warne, Donald},
  journal={American Journal of Public Health},
  volume={104},
  number={S3},
  pages={S263--S267},
  year={2014},
  publisher={American Public Health Association},
  doi={10.2105/AJPH.2013.301682}
}

@article{hanson2012,
  title={Understanding Prenatal Health Care for American Indian Women in a Northern Plains Tribe},
  author={Hanson, Jessica D},
  journal={Journal of Transcultural Nursing},
  volume={23},
  number={1},
  pages={29--37},
  year={2012},
  publisher={SAGE Publications},
  doi={10.1177/1043659611423826}
}

@techreport{aspe2022,
  title={How Increased Funding Can Advance the Mission of the Indian Health Service to Improve Health Outcomes for American Indians and Alaska Natives},
  author={{Office of the Assistant Secretary for Planning and Evaluation}},
  institution={U.S. Department of Health and Human Services},
  year={2022},
  month={July},
  number={HP-2022-21},
  url={https://aspe.hhs.gov/sites/default/files/documents/e7b3d02affdda1949c215f57b65b5541/aspe-ihs-funding-disparities-report.pdf}
}