@article{WarneFrizzell2014,
  author = {Warne, Donald and Frizzell, Linda Bane},
  title = {American Indian Health Policy: Historical Trends and Contemporary Issues},
  journal = {American Journal of Public Health},
  volume = {104},
  number = {Suppl. 3},
  pages = {S263--S267},
  year = {2014},
  doi = {10.2105/AJPH.2013.301682}
}

@report{ASPE2022,
  author = {{U.S.\ Department of Health and Human Services, Office of the Assistant Secretary for Planning and Evaluation}},
  title = {Disparities in Health and Health Care Experienced by American Indian and Alaska Native Populations: The Role of Federal Funding},
  institution = {ASPE, HHS},
  month = {July},
  year = {2022},
  url = {https://aspe.hhs.gov/sites/default/files/documents/aspe-ihs-funding-disparities-report.pdf}
}

@techreport{UW2022,
  author = {{University of Washington Department of Family Medicine}},
  title = {Rapid Response Brief: Health Workforce Issues in American Indian and Alaska Native Communities},
  institution = {University of Washington},
  month = {July},
  year = {2022},
  url = {https://familymedicine.uw.edu/chws/wp-content/uploads/sites/5/2022/07/2022_AI_AN_Workforce_RR_Brief.pdf}
}

@techreport{GAO2018,
  author = {{U.S.\ Government Accountability Office}},
  title = {Indian Health Service: Agency Faces Ongoing Challenges Filling Provider Vacancies},
  institution = {GAO},
  number = {GAO-18-580},
  month = {August},
  year = {2018}
}

@article{Taylor2024,
  author = {Taylor, Kimá Joy and Nelson, Taylor and Hinojosa, Sofia and Allen, Eva H.},
  title = {Guide to Equity in the Indian Health Service},
  institution = {Urban Institute},
  month = {April 11},
  year = {2024},
  url = {https://www.urban.org/sites/default/files/2024-04/Guide_to_Equity_in_the_Indian_Health_Service.pdf}
}

@techreport{HHSOIG2016,
  author = {{U.S.\ Department of Health and Human Services, Office of Inspector General}},
  title = {Indian Health Service Hospitals: Longstanding Challenges Warrant Focused Attention to Support Quality Care},
  institution = {OIG, HHS},
  number = {OEI-06-14-00011},
  month = {October},
  year = {2016}
}

@techreport{LofthouseMcKinley2022,
  author = {Lofthouse, Jordan K. and McKinley, Kelcie},
  title = {Native American Healthcare, Bureaucracy, and Poverty: Institutional Problems and Solutions},
  institution = {Mercatus Center, George Mason University},
  month = {February 10},
  year = {2022},
  url = {https://www.mercatus.org/system/files/lofthouse-mckinley_native-american-healthcare-bureaucracy-and-poverty_mercatus-research_v1.pdf}
}

@article{Booker2018,
  author = {Booker, Kathleen et al.},
  title = {The maternal health of American Indian and Alaska Native people: a scoping review},
  journal = {BMC Pregnancy and Childbirth},
  year = {2018},
  url = {https://www.ncbi.nlm.nih.gov/pmc/articles/PMC9875554}
}

@article{the_university_of_arizona_whats_2017,
  author = {{The University of Arizona} and Arambula Solomon, Teshia G. and Cordova, Felina M. and {The University of Arizona} and Garcia, Francisco and {Pima County Health Department}},
  title = {What's Killing Our Children? Child and Infant Mortality among American Indians and Alaska Natives},
  journal = {NAM Perspectives},
  volume = {7},
  number = {3},
  year = {2017},
  month = mar,
  doi = {10.31478/201703b},
  url = {https://nam.edu/whats-killing-our-children-child-and-infant-mortality-among-american-indians-and-alaska-natives/}
}

@article{wong_american_2014,
  author = {Wong, Charlene A. and Gachupin, Francine C. and Holman, Robert C. and MacDorman, Marian F. and Cheek, James E. and Holve, Steve and Singleton, Rosalyn J.},
  title = {American Indian and Alaska Native Infant and Pediatric Mortality, United States, 1999–2009},
  journal = {American Journal of Public Health},
  volume = {104},
  number = {S3},
  pages = {S320--S328},
  year = {2014},
  doi = {10.2105/AJPH.2013.301598},
  url = {https://ajph.aphapublications.org/doi/full/10.2105/AJPH.2013.301598}
}

@article{macdorman_m_f_understanding_2011,
  author = {MacDorman, Marian F. and Mathews, Thomas J.},
  title = {Understanding racial and ethnic disparities in U.S. infant mortality rates},
  journal = {NCHS Data Brief},
  number = {74},
  pages = {1--8},
  year = {2011}
}

@techreport{samantha_artiga_medicaid_2017,
  author = {Artiga, Samantha and Ubri, Petry and Foutz, Julia},
  title = {Medicaid and American Indians and Alaska Natives},
  institution = {Kaiser Family Foundation},
  year = {2017},
  url = {https://www.kff.org/medicaid/issue-brief/medicaid-and-american-indians-and-alaska-natives/}
}

@article{jang_review_2022,
  author = {Jang, Caleb and Lee, Henry},
  title = {A Review of Racial Disparities in Infant Mortality in the US},
  journal = {Children},
  volume = {9},
  number = {2},
  pages = {257},
  year = {2022},
  doi = {10.3390/children9020257},
  url = {https://www.mdpi.com/2227-9067/9/2/257}
}

@article{kaplan1997prevalence,
  author = {Kaplan, Brain A. and Erickson, Suzanne R.},
  title = {Prevalence of Smoking among American Indian Women},
  journal = {Maternal and Child Health Journal},
  year = {1997},
  volume = {1},
  number = {1},
  pages = {85--94}
}

@article{infantmortality,
  author = {World Health Organization},
  title = {Infant and Neonatal Mortality Definitions},
  year = {2020},
  url = {https://www.who.int/data/gho/indicator-metadata-registry/imr-details}
}

